@article{GarnierZiliotto2022,
  title = {Percolation {G}ames},
  ISSN = {1526-5471},
  url = {http://dx.doi.org/10.1287/moor.2022.1334},
  DOI = {10.1287/moor.2022.1334},
  journal = {Mathematics of Operations Research},
  publisher = {Institute for Operations Research and the Management Sciences (INFORMS)},
  author = {Garnier,  Guillaume and Ziliotto,  Bruno},
  year = {2022},
  month = dec 
}

@article{Shapley1953,
  title = {{S}tochastic {G}ames},
  volume = {39},
  ISSN = {1091-6490},
  DOI = {10.1073/pnas.39.10.1095},
  number = {10},
  journal = {Proceedings of the National Academy of Sciences},
  publisher = {Proceedings of the National Academy of Sciences},
  author = {Shapley,  L. S.},
  year = {1953},
  month = oct,
  pages = {1095–1100}
}

@misc{sepúlveda2024gameorientedpercolation,
      title={The game behind oriented percolation}, 
      author={Avelio Sepúlveda and Bruno Ziliotto},
      year={2024},
      url={https://arxiv.org/abs/2408.13796}, 
}

@misc{Ziliotto2023,
  author       = {Ziliotto, Bruno},
  howpublished = {{P}resentation in the {C}hilean {S}eminar of {P}robability},
  year         = {2023},
  title        = {Zero-sum random games on graphs},
  note         = {\url{https://www.youtube.com/watch?v=4Zmoa321iYw}, Accessed: 2024-05-10}
}

@article{DuminilCopin18,
  author  = {Duminil-Copin, Hugo and Tassion, Vincent and Teixeira, Augusto},
  year    = {2018},
  month   = {08},
  pages   = {},
  title   = {The box-crossing property for critical two-dimensional oriented percolation},
  volume  = {171},
  journal = {Probability Theory and Related Fields},
  doi     = {10.1007/s00440-017-0790-0}
}

@article{PeresSheffield08,
author = {Yuval Peres and Scott Sheffield},
title = {{Tug-of-war with noise: {A} game-theoretic view of the $p$-Laplacian}},
volume = {145},
journal = {Duke Mathematical Journal},
number = {1},
publisher = {Duke University Press},
pages = {91 -- 120},
year = {2008},
doi = {10.1215/00127094-2008-048}
}

@Inbook{PeresSchrammSheffieldWilson11,
  author= {Yuval Peres and Oded Schramm and Scott Sheffield and David B. Wilson},
  editor="Benjamini, Itai
  and H{\"a}ggstr{\"o}m, Olle",
  title="Tug-of-War and the Infinity Laplacian",
  bookTitle="Selected Works of Oded Schramm",
  year="2011",
  publisher="Springer New York",
  address="New York, NY",
  pages="595--638",
  doi="10.1007/978-1-4419-9675-6_18"
}

@article{Holroyd18,
  title = {Percolation games,  probabilistic cellular automata,  and the hard-core model},
  volume = {174},
  ISSN = {1432-2064},
  DOI = {10.1007/s00440-018-0881-6},
  number = {3–4},
  journal = {Probability Theory and Related Fields},
  publisher = {Springer Science and Business Media LLC},
  author = {Holroyd,  Alexander E. and Marcovici,  Irène and Martin,  James B.},
  year = {2018},
  month = oct,
  pages = {1187–1217}
}

@article{Bashin23,
  author = {Bhasin, Dhruv and Karmakar, Sayar and Podder, Moumanti and Roy, Souvik},
  year = {2023},
  month = {01},
  pages = {},
  title = {On a class of {PCA} with size-3 neighborhood and their applications in percolation games},
  volume = {28},
  journal = {Electronic Journal of Probability},
  doi = {10.1214/23-EJP1046}
}

@article{Flesch2023,
  title = {Random {P}erfect {I}nformation {G}ames},
  volume = {48},
  ISSN = {1526-5471},
  DOI = {10.1287/moor.2022.1277},
  number = {2},
  journal = {Mathematics of Operations Research},
  publisher = {Institute for Operations Research and the Management Sciences (INFORMS)},
  author = {Flesch,  János and Predtetchinski,  Arkadi and Suomala,  Ville},
  year = {2023},
  month = may,
  pages = {708–727}
}

@article{Amiet2021,
  title = {Pure {N}ash {E}quilibria and {B}est-{R}esponse {D}ynamics in {R}andom {G}ames},
  volume = {46},
  ISSN = {1526-5471},
  DOI = {10.1287/moor.2020.1102},
  number = {4},
  journal = {Mathematics of Operations Research},
  publisher = {Institute for Operations Research and the Management Sciences (INFORMS)},
  author = {Amiet,  Ben and Collevecchio,  Andrea and Scarsini,  Marco and Zhong,  Ziwen},
  year = {2021},
  month = nov,
  pages = {1552–1572}
}

@book{denHollander2008,
  title = {Large {D}eviations},
  ISBN = {9781470431419},
  ISSN = {2472-4173},
  DOI = {10.1090/fim/014},
  journal = {Fields Institute Monographs},
  publisher = {American Mathematical Society},
  author = {den Hollander,  Frank},
  year = {2008},
  month = jun 
}

@BOOK{Durrett2019-sm,
  title     = "Probability",
  author    = "Durrett, Rick",
  publisher = "Cambridge University Press",
  series    = "Cambridge Series in Statistical and Probabilistic Mathematics",
  edition   =  5,
  month     =  apr,
  year      =  2019,
  address   = "Cambridge, England",
  language  = "en"
}

@book{Mertens2015,
  title = {Repeated {G}ames},
  ISBN = {9781107662636},
  url = {10.1017/CBO9781139343275},
  DOI = {10.1017/cbo9781139343275},
  publisher = {Cambridge University Press},
  author = {Mertens,  Jean-Fran\c{c}ois and Sorin,  Sylvain and Zamir,  Shmuel},
  year = {2015},
  month = feb 
}

@article{Martin1998,
  title = {The determinacy of {B}lackwell games},
  volume = {63},
  ISSN = {1943-5886},
  url = {10.2307/2586667},
  DOI = {10.2307/2586667},
  number = {4},
  journal = {Journal of Symbolic Logic},
  publisher = {Cambridge University Press (CUP)},
  author = {Martin,  Donald A.},
  year = {1998},
  month = dec,
  pages = {1565–1581}
}

@book{Grimmett2018,
  title = {Probability on {G}raphs: {R}andom {P}rocesses on {G}raphs and {L}attices},
  ISBN = {9781108438179},
  url = {http://dx.doi.org/10.1017/9781108528986},
  DOI = {10.1017/9781108528986},
  publisher = {Cambridge University Press},
  author = {Grimmett,  Geoffrey},
  year = {2018},
  month = jan 
}

@article{deBrujinErdos52,
  title = "Some linear and some quadratic recursion formulas. {II}",
  abstract = "This article also appeared in Indagationes mathematicae.",
  author = "{Bruijn, de}, N.G. and P. Erd{\"o}s",
  year = "1952",
  language = "English",
  volume = "14",
  pages = "152--163",
  journal = "Proceedings of the Koninklijke Nederlandse Akademie van Wetenschappen: Series A: Mathematical Sciences",
  issn = "0023-3358",
}

@BOOK{Sorin2002,
  title     = "A {F}irst {C}ourse on {Z}ero-{S}um {R}epeated {G}ames",
  author    = "Sorin, Sylvain",
  publisher = "Springer",
  series    = "Math{\'e}matiques et Applications",
  edition   =  2002,
  month     =  mar,
  year      =  2002,
  address   = "Berlin, Germany",
  language  = "en"
}

@incollection{LarakiSorin2015,
  title = {{C}hapter 2 - {A}dvances in {Z}ero-{S}um {D}ynamic {G}ames},
  editor = {H. Peyton Young and Shmuel Zamir},
  series = {Handbook of Game Theory with Economic Applications},
  publisher = {Elsevier},
  volume = {4},
  pages = {27-93},
  year = {2015},
  issn = {1574-0005},
  doi = {10.1016/B978-0-444-53766-9.00002-1},
  author = {Rida Laraki and Sylvain Sorin}
}

@article{BewleyKohlberg1976,
  title = {The {A}symptotic {T}heory of {S}tochastic {G}ames},
  volume = {1},
  ISSN = {1526-5471},
  DOI = {10.1287/moor.1.3.197},
  number = {3},
  journal = {Mathematics of Operations Research},
  publisher = {Institute for Operations Research and the Management Sciences (INFORMS)},
  author = {Bewley,  Truman and Kohlberg,  Elon},
  year = {1976},
  month = aug,
  pages = {197–208}
}

@article{Vigeral2013,
  title = {A {Z}ero-{S}um {S}tochastic {G}ame with {C}ompact {A}ction {S}ets and no {A}symptotic {V}alue},
  volume = {3},
  ISSN = {2153-0793},
  url = {10.1007/s13235-013-0073-z},
  DOI = {10.1007/s13235-013-0073-z},
  number = {2},
  journal = {Dynamic Games and Applications},
  publisher = {Springer Science and Business Media LLC},
  author = {Vigeral,  Guillaume},
  year = {2013},
  month = jan,
  pages = {172–186}
}

@article{Ziliotto2016,
   title={Stochastic {H}omogenization of {N}onconvex {H}amilton‐{J}acobi {E}quations: {A} {C}ounterexample},
   volume={70},
   ISSN={1097-0312},
   DOI={10.1002/cpa.21674},
   number={9},
   journal={Communications on Pure and Applied Mathematics},
   publisher={Wiley},
   author={Ziliotto, Bruno},
   year={2016},
   month=oct, 
   pages={1798–1809} 
}

@article{FeldmanFermanianZiliotto2021,
title = {An example of failure of stochastic homogenization for viscous {H}amilton-{J}acobi equations without convexity},
journal = {Journal of Differential Equations},
volume = {280},
pages = {464-476},
year = {2021},
issn = {0022-0396},
doi = {10.1016/j.jde.2021.01.009},
author = {William M. Feldman and Jean-Baptiste Fermanian and Bruno Ziliotto}
}

@misc{DuminilCopin2018,
  title={Introduction to {B}ernoulli percolation},
  author={Hugo Duminil-Copin},
  year={2018},
  note={Lecture notes available on the webpage of the author. Accessed: 2024-07-10}
}

@article{NewmanZiff2001,
  title = {Fast {M}onte {C}arlo algorithm for site or bond percolation},
  volume = {64},
  ISSN = {1095-3787},
  url = {http://dx.doi.org/10.1103/PhysRevE.64.016706},
  DOI = {10.1103/physreve.64.016706},
  number = {1},
  journal = {Physical Review E},
  publisher = {American Physical Society (APS)},
  author = {Newman,  M. E. J. and Ziff,  R. M.},
  year = {2001},
  month = jun 
}

@misc{Attia2024,
      title={Zero-sum {R}andom {G}ames on {D}irected {G}raphs}, 
      author={Luc Attia and Lyuben Lichev and Dieter Mitsche and Raimundo Saona and Bruno Ziliotto},
      year={2024},
      eprint={2401.16252},
      archivePrefix={arXiv},
      primaryClass={math.OC},
      url={https://arxiv.org/abs/2401.16252}, 
}

@article{LionsPapanicolaouVaradhan1987,
author = {Lions, Pierre-Louis and Papanicolaou, George and Varadhan, Srinivasa},
year = {1987},
month = {01},
pages = {},
title = {Homogenization of {H}amilton-{J}acobi equation}
}

@article{EvansSougadinis2024,
 ISSN = {00222518, 19435258},
 URL = {http://www.jstor.org/stable/45010271},
 author = {L. C. Evans and P. E. Souganidis},
 journal = {Indiana University Mathematics Journal},
 number = {5},
 pages = {773--797},
 publisher = {Indiana University Mathematics Department},
 title = {Differential {G}ames and {R}epresentation {F}ormulas for {S}olutions of {H}amilton-{J}acobi-{I}saac's {E}quations},
 urldate = {2024-08-22},
 volume = {33},
 year = {1984}
}

@book{Vershynin2018,
  title = {High-{D}imensional {P}robability: {A}n {I}ntroduction with {A}pplications in {D}ata {S}cience},
  ISBN = {9781108415194},
  url = {http://dx.doi.org/10.1017/9781108231596},
  DOI = {10.1017/9781108231596},
  publisher = {Cambridge University Press},
  author = {Vershynin,  Roman},
  year = {2018},
  month = sep 
}

@article{MaitraSudderth1993,
  author = {A. Maitra and W. Sudderth},
  title = {{Borel Stochastic Games with Lim Sup Payoff}},
  volume = {21},
  journal = {The Annals of Probability},
  number = {2},
  publisher = {Institute of Mathematical Statistics},
  pages = {861 -- 885},
  keywords = {Borel sets, inductive definability, Stochastic games},
  year = {1993},
  doi = {10.1214/aop/1176989271},
}

@article{FlemingSouganidis1989,
 author = {W. H. FLEMING and P. E. SOUGANIDIS},
 journal = {Indiana University Mathematics Journal},
 number = {2},
 pages = {293--314},
 publisher = {Indiana University Mathematics Department},
 title = {On The Existence of Value Functions of Two-Player, Zero-Sum Stochastic Differential Games},
 urldate = {2025-02-06},
 volume = {38},
 year = {1989}
}

@article{LaurentMassart2000,
  author = {B. Laurent and P. Massart},
  title = {{Adaptive estimation of a quadratic functional by model selection}},
  volume = {28},
  journal = {The Annals of Statistics},
  number = {5},
  publisher = {Institute of Mathematical Statistics},
  pages = {1302 -- 1338},
  keywords = {$l_p$-bodies, adaptive estimation, Besov bodies, efficient estimation, Gaussian sequence model, Model selection, quadratic functionals},
  year = {2000},
  doi = {10.1214/aos/1015957395},
  URL = {https://doi.org/10.1214/aos/1015957395}
}

@misc{DaviniSaonaZiliotto2024,
      title={Stochastic homogenization of HJ equations: a differential game approach}, 
      author={Andrea Davini and Raimundo Saona and Bruno Ziliotto},
      year={2024},
      eprint={2406.18404},
      archivePrefix={arXiv},
      primaryClass={math.AP},
      url={https://arxiv.org/abs/2406.18404}, 
}

@unpublished{cardaliaguet2010introduction,
  author = {Cardaliaguet, Pierre},
  title = {Introduction to differential games},
  year = {2010},
  note = {Lecture notes, Universit\'{e} de Brest},
  url = {https://www.ceremade.dauphine.fr/~cardaliaguet/CoursJeuxDiff.pdf}
}

@unpublished{practicas,
  author = {González García, Melissa},
  title = {Percolation Games: percolation structures in two non-oriented examples in $\Z^2$ and random transitions in oriented games},
  year = {2024},
  note = {M2 internship report}
}

@unpublished{game2,
  author = {González García, Melissa},
  title = {Game 2},
  year = {2024-},
  note = {Ongoing report}
}